@book{coey2010magnetism,
  title={Magnetism and magnetic materials},
  author={Coey, John MD},
  year={2010},
  publisher={Cambridge university press}
}

@book{griffiths2023introduction,
  title={Introduction to electrodynamics},
  author={Griffiths, David J},
  year={2023},
  publisher={Cambridge University Press}
}